@article{Brown2020LanguageMA,
  title={Language Models are Few-Shot Learners},
  author={Tom B. Brown and Benjamin Mann and Nick Ryder and Melanie Subbiah and Jared Kaplan and Prafulla Dhariwal and Arvind Neelakantan and Pranav Shyam and Girish Sastry and Amanda Askell and Sandhini Agarwal and Ariel Herbert-Voss and Gretchen Krueger and Tom Henighan and Rewon Child and Aditya Ramesh and Daniel M. Ziegler and Jeff Wu and Clemens Winter and Christopher Hesse and Mark Chen and Eric Sigler and Ma-teusz Litwin and Scott Gray and Benjamin Chess and Jack Clark and Christopher Berner and Sam McCandlish and Alec Radford and Ilya Sutskever and Dario Amodei},
  journal={ArXiv},
  year={2020},
  volume={abs/2005.14165},
  url={https://api.semanticscholar.org/CorpusID:218971783}
}

@misc{chen2024alpagasustrainingbetteralpaca,
      title={AlpaGasus: Training A Better Alpaca with Fewer Data}, 
      author={Lichang Chen and Shiyang Li and Jun Yan and Hai Wang and Kalpa Gunaratna and Vikas Yadav and Zheng Tang and Vijay Srinivasan and Tianyi Zhou and Heng Huang and Hongxia Jin},
      year={2024},
      eprint={2307.08701},
      archivePrefix={arXiv},
      primaryClass={cs.CL},
      url={https://arxiv.org/abs/2307.08701}, 
}

@misc{wei2022finetunedlanguagemodelszeroshot,
      title={Finetuned Language Models Are Zero-Shot Learners}, 
      author={Jason Wei and Maarten Bosma and Vincent Y. Zhao and Kelvin Guu and Adams Wei Yu and Brian Lester and Nan Du and Andrew M. Dai and Quoc V. Le},
      year={2022},
      eprint={2109.01652},
      archivePrefix={arXiv},
      primaryClass={cs.CL},
      url={https://arxiv.org/abs/2109.01652}, 
}

@article{Li2023FromQT,
  title={From Quantity to Quality: Boosting LLM Performance with Self-Guided Data Selection for Instruction Tuning},
  author={Ming Li and Yong Zhang and Zhitao Li and Jiuhai Chen and Lichang Chen and Ning Cheng and Jianzong Wang and Tianyi Zhou and Jing Xiao},
  journal={ArXiv},
  year={2023},
  volume={abs/2308.12032},
  url={https://api.semanticscholar.org/CorpusID:261076515}
}

@article{Zhou2023LIMALI,
  title={LIMA: Less Is More for Alignment},
  author={Chunting Zhou and Pengfei Liu and Puxin Xu and Srini Iyer and Jiao Sun and Yuning Mao and Xuezhe Ma and Avia Efrat and Ping Yu and L. Yu and Susan Zhang and Gargi Ghosh and Mike Lewis and Luke Zettlemoyer and Omer Levy},
  journal={ArXiv},
  year={2023},
  volume={abs/2305.11206},
  url={https://api.semanticscholar.org/CorpusID:258822910}
}

@inproceedings{Wenzek2019CCNetEH,
  title={CCNet: Extracting High Quality Monolingual Datasets from Web Crawl Data},
  author={Guillaume Wenzek and Marie-Anne Lachaux and Alexis Conneau and Vishrav Chaudhary and Francisco Guzm'an and Armand Joulin and Edouard Grave},
  booktitle={International Conference on Language Resources and Evaluation},
  year={2019},
  url={https://api.semanticscholar.org/CorpusID:207870323}
}

@article{Kaplan2020ScalingLF,
  title={Scaling Laws for Neural Language Models},
  author={Jared Kaplan and Sam McCandlish and Tom Henighan and Tom B. Brown and Benjamin Chess and Rewon Child and Scott Gray and Alec Radford and Jeff Wu and Dario Amodei},
  journal={ArXiv},
  year={2020},
  volume={abs/2001.08361},
  url={https://api.semanticscholar.org/CorpusID:210861095}
}

@misc{isik2024scalinglawsdownstreamtask,
      title={Scaling Laws for Downstream Task Performance of Large Language Models}, 
      author={Berivan Isik and Natalia Ponomareva and Hussein Hazimeh and Dimitris Paparas and Sergei Vassilvitskii and Sanmi Koyejo},
      year={2024},
      eprint={2402.04177},
      archivePrefix={arXiv},
      primaryClass={cs.CL},
      url={https://arxiv.org/abs/2402.04177}, 
}

@inproceedings{Mikolov2013EfficientEO,
  title={Efficient Estimation of Word Representations in Vector Space},
  author={Tomas Mikolov and Kai Chen and Gregory S. Corrado and Jeffrey Dean},
  booktitle={International Conference on Learning Representations},
  year={2013},
  url={https://api.semanticscholar.org/CorpusID:5959482}
}

@inproceedings{Pennington2014GloVeGV,
  title={GloVe: Global Vectors for Word Representation},
  author={Jeffrey Pennington and Richard Socher and Christopher D. Manning},
  booktitle={Conference on Empirical Methods in Natural Language Processing},
  year={2014},
  url={https://api.semanticscholar.org/CorpusID:1957433}
}
@inproceedings{Vaswani2017AttentionIA,
  title={Attention is All you Need},
  author={Ashish Vaswani and Noam M. Shazeer and Niki Parmar and Jakob Uszkoreit and Llion Jones and Aidan N. Gomez and Lukasz Kaiser and Illia Polosukhin},
  booktitle={Neural Information Processing Systems},
  year={2017},
  url={https://api.semanticscholar.org/CorpusID:13756489}
}
@misc{devlin2019bertpretrainingdeepbidirectional,
      title={BERT: Pre-training of Deep Bidirectional Transformers for Language Understanding}, 
      author={Jacob Devlin and Ming-Wei Chang and Kenton Lee and Kristina Toutanova},
      year={2019},
      eprint={1810.04805},
      archivePrefix={arXiv},
      primaryClass={cs.CL},
      url={https://arxiv.org/abs/1810.04805}, 
}
@article{Raffel2019ExploringTL,
  title={Exploring the Limits of Transfer Learning with a Unified Text-to-Text Transformer},
  author={Colin Raffel and Noam M. Shazeer and Adam Roberts and Katherine Lee and Sharan Narang and Michael Matena and Yanqi Zhou and Wei Li and Peter J. Liu},
  journal={J. Mach. Learn. Res.},
  year={2019},
  volume={21},
  pages={140:1-140:67},
  url={https://api.semanticscholar.org/CorpusID:204838007}
}
@article{Touvron2023Llama2O,
  title={Llama 2: Open Foundation and Fine-Tuned Chat Models},
  author={Hugo Touvron and Louis Martin and Kevin R. Stone and Peter Albert and Amjad Almahairi and Yasmine Babaei and Nikolay Bashlykov and Soumya Batra and Prajjwal Bhargava and Shruti Bhosale and Daniel M. Bikel and Lukas Blecher and Cristian Cant{\'o}n Ferrer and Moya Chen and Guillem Cucurull and David Esiobu and Jude Fernandes and Jeremy Fu and Wenyin Fu and Brian Fuller and Cynthia Gao and Vedanuj Goswami and Naman Goyal and Anthony S. Hartshorn and Saghar Hosseini and Rui Hou and Hakan Inan and Marcin Kardas and Viktor Kerkez and Madian Khabsa and Isabel M. Kloumann and A. V. Korenev and Punit Singh Koura and Marie-Anne Lachaux and Thibaut Lavril and Jenya Lee and Diana Liskovich and Yinghai Lu and Yuning Mao and Xavier Martinet and Todor Mihaylov and Pushkar Mishra and Igor Molybog and Yixin Nie and Andrew Poulton and Jeremy Reizenstein and Rashi Rungta and Kalyan Saladi and Alan Schelten and Ruan Silva and Eric Michael Smith and R. Subramanian and Xia Tan and Binh Tang and Ross Taylor and Adina Williams and Jian Xiang Kuan and Puxin Xu and Zhengxu Yan and Iliyan Zarov and Yuchen Zhang and Angela Fan and Melanie Kambadur and Sharan Narang and Aurelien Rodriguez and Robert Stojnic and Sergey Edunov and Thomas Scialom},
  journal={ArXiv},
  year={2023},
  volume={abs/2307.09288},
  url={https://api.semanticscholar.org/CorpusID:259950998}
}
@misc{touvron2023llamaopenefficientfoundation,
      title={LLaMA: Open and Efficient Foundation Language Models}, 
      author={Hugo Touvron and Thibaut Lavril and Gautier Izacard and Xavier Martinet and Marie-Anne Lachaux and Timothée Lacroix and Baptiste Rozière and Naman Goyal and Eric Hambro and Faisal Azhar and Aurelien Rodriguez and Armand Joulin and Edouard Grave and Guillaume Lample},
      year={2023},
      eprint={2302.13971},
      archivePrefix={arXiv},
      primaryClass={cs.CL},
      url={https://arxiv.org/abs/2302.13971}, 
}

@misc{li2023laffileveraginghybridnatural,
      title={LaFFi: Leveraging Hybrid Natural Language Feedback for Fine-tuning Language Models}, 
      author={Qianxi Li and Yingyue Cao and Jikun Kang and Tianpei Yang and Xi Chen and Jun Jin and Matthew E. Taylor},
      year={2023},
      eprint={2401.00907},
      archivePrefix={arXiv},
      primaryClass={cs.LG},
      url={https://arxiv.org/abs/2401.00907}, 
}

@article{Hu2021LoRALA,
  title={LoRA: Low-Rank Adaptation of Large Language Models},
  author={J. Edward Hu and Yelong Shen and Phillip Wallis and Zeyuan Allen-Zhu and Yuanzhi Li and Shean Wang and Weizhu Chen},
  journal={ArXiv},
  year={2021},
  volume={abs/2106.09685},
  url={https://api.semanticscholar.org/CorpusID:235458009}
}

@article{Chowdhery2022PaLMSL,
  title={PaLM: Scaling Language Modeling with Pathways},
  author={Aakanksha Chowdhery and Sharan Narang and Jacob Devlin and Maarten Bosma and Gaurav Mishra and Adam Roberts and Paul Barham and Hyung Won Chung and Charles Sutton and Sebastian Gehrmann and Parker Schuh and Kensen Shi and Sasha Tsvyashchenko and Joshua Maynez and Abhishek Rao and Parker Barnes and Yi Tay and Noam M. Shazeer and Vinodkumar Prabhakaran and Emily Reif and Nan Du and Ben Hutchinson and Reiner Pope and James Bradbury and Jacob Austin and Michael Isard and Guy Gur-Ari and Pengcheng Yin and Toju Duke and Anselm Levskaya and Sanjay Ghemawat and Sunipa Dev and Henryk Michalewski and Xavier Garc{\'i}a and Vedant Misra and Kevin Robinson and Liam Fedus and Denny Zhou and Daphne Ippolito and David Luan and Hyeontaek Lim and Barret Zoph and Alexander Spiridonov and Ryan Sepassi and David Dohan and Shivani Agrawal and Mark Omernick and Andrew M. Dai and Thanumalayan Sankaranarayana Pillai and Marie Pellat and Aitor Lewkowycz and Erica Moreira and Rewon Child and Oleksandr Polozov and Katherine Lee and Zongwei Zhou and Xuezhi Wang and Brennan Saeta and Mark D{\'i}az and Orhan Firat and Michele Catasta and Jason Wei and Kathleen S. Meier-Hellstern and Douglas Eck and Jeff Dean and Slav Petrov and Noah Fiedel},
  journal={J. Mach. Learn. Res.},
  year={2022},
  volume={24},
  pages={240:1-240:113},
  url={https://api.semanticscholar.org/CorpusID:247951931}
}

@misc{sanh2020distilbertdistilledversionbert,
      title={DistilBERT, a distilled version of BERT: smaller, faster, cheaper and lighter}, 
      author={Victor Sanh and Lysandre Debut and Julien Chaumond and Thomas Wolf},
      year={2020},
      eprint={1910.01108},
      archivePrefix={arXiv},
      primaryClass={cs.CL},
      url={https://arxiv.org/abs/1910.01108}, 
}
@article{DBLP:journals/corr/abs-1909-11942,
  author    = {Zhenzhong Lan and
               Mingda Chen and
               Sebastian Goodman and
               Kevin Gimpel and
               Piyush Sharma and
               Radu Soricut},
  title     = {{ALBERT:} {A} Lite {BERT} for Self-supervised Learning of Language
               Representations},
  journal   = {CoRR},
  volume    = {abs/1909.11942},
  year      = {2019},
  url       = {http://arxiv.org/abs/1909.11942},
  archivePrefix = {arXiv},
  eprint    = {1909.11942},
  timestamp = {Fri, 27 Sep 2019 13:04:21 +0200},
  biburl    = {https://dblp.org/rec/journals/corr/abs-1909-11942.bib},
  bibsource = {dblp computer science bibliography, https://dblp.org}
}
@article{jiao2019tinybert,
  title={Tinybert: Distilling bert for natural language understanding},
  author={Jiao, Xiaoqi and Yin, Yichun and Shang, Lifeng and Jiang, Xin and Chen, Xiao and Li, Linlin and Wang, Fang and Liu, Qun},
  journal={arXiv preprint arXiv:1909.10351},
  year={2019}
}
@misc{wang2020minilm,
    title={MiniLM: Deep Self-Attention Distillation for Task-Agnostic Compression of Pre-Trained Transformers},
    author={Wenhui Wang and Furu Wei and Li Dong and Hangbo Bao and Nan Yang and Ming Zhou},
    year={2020},
    eprint={2002.10957},
    archivePrefix={arXiv},
    primaryClass={cs.CL}
}
@misc{wang2020minilmdeepselfattentiondistillation,
      title={MiniLM: Deep Self-Attention Distillation for Task-Agnostic Compression of Pre-Trained Transformers}, 
      author={Wenhui Wang and Furu Wei and Li Dong and Hangbo Bao and Nan Yang and Ming Zhou},
      year={2020},
      eprint={2002.10957},
      archivePrefix={arXiv},
      primaryClass={cs.CL},
      url={https://arxiv.org/abs/2002.10957}, 
}
@misc{commoncrawl,
  author = {{Common Crawl}},
  title = {Common Crawl - Open Repository of Web Crawl Data},
  year = {2007--2024},
  url = {https://commoncrawl.org/},
  note = {Accessed: 2024-07-23}
}
@misc{wenzek2019ccnetextractinghighquality,
      title={CCNet: Extracting High Quality Monolingual Datasets from Web Crawl Data}, 
      author={Guillaume Wenzek and Marie-Anne Lachaux and Alexis Conneau and Vishrav Chaudhary and Francisco Guzmán and Armand Joulin and Edouard Grave},
      year={2019},
      eprint={1911.00359},
      archivePrefix={arXiv},
      primaryClass={cs.CL},
      url={https://arxiv.org/abs/1911.00359}, 
}
@article{rajpurkar2018know,
  title={Know What You Don’t Know: Unanswerable Questions for SQuAD},
  author={Rajpurkar, Pranav and Jia, Robin and Liang, Percy},
  journal={arXiv preprint arXiv:1806.03822},
  year={2018},
  url={https://arxiv.org/abs/1806.03822}
}
@misc{gretel_text_to_sql,
  author = {{Gretel.ai}},
  title = {Introducing the World's Largest Synthetic Open-Source Text-to-SQL Dataset},
  year = {2023},
  url = {https://gretel.ai/blog/introducing-worlds-largest-synthetic-open-source-text-to-sql-dataset},
  note = {Accessed: 2024-07-23}
}
@misc{gretel_synthetic_data,
  author = {{Gretel.ai}},
  title = {The Multimodal Synthetic Data Platform for Developers},
  year = {2023},
  url = {https://gretel.ai},
  note = {Accessed: 2024-07-23}
}

@article{Ouyang2022TrainingLM,
  title={Training language models to follow instructions with human feedback},
  author={Long Ouyang and Jeff Wu and Xu Jiang and Diogo Almeida and Carroll L. Wainwright and Pamela Mishkin and Chong Zhang and Sandhini Agarwal and Katarina Slama and Alex Ray and John Schulman and Jacob Hilton and Fraser Kelton and Luke E. Miller and Maddie Simens and Amanda Askell and Peter Welinder and Paul Francis Christiano and Jan Leike and Ryan J. Lowe},
  journal={ArXiv},
  year={2022},
  volume={abs/2203.02155},
  url={https://api.semanticscholar.org/CorpusID:246426909}
}



@misc{kaplan2020scalinglawsneurallanguage,
      title={Scaling Laws for Neural Language Models}, 
      author={Jared Kaplan and Sam McCandlish and Tom Henighan and Tom B. Brown and Benjamin Chess and Rewon Child and Scott Gray and Alec Radford and Jeffrey Wu and Dario Amodei},
      year={2020},
      eprint={2001.08361},
      archivePrefix={arXiv},
      primaryClass={cs.LG},
      url={https://arxiv.org/abs/2001.08361}, 
}
@misc{imani2023mathpromptermathematicalreasoningusing,
      title={MathPrompter: Mathematical Reasoning using Large Language Models}, 
      author={Shima Imani and Liang Du and Harsh Shrivastava},
      year={2023},
      eprint={2303.05398},
      archivePrefix={arXiv},
      primaryClass={cs.CL},
      url={https://arxiv.org/abs/2303.05398}, 
}
@article{Testolin_2024,
   title={Can Neural Networks Do Arithmetic? A Survey on the Elementary Numerical Skills of State-of-the-Art Deep Learning Models},
   volume={14},
   ISSN={2076-3417},
   url={http://dx.doi.org/10.3390/app14020744},
   DOI={10.3390/app14020744},
   number={2},
   journal={Applied Sciences},
   publisher={MDPI AG},
   author={Testolin, Alberto},
   year={2024},
   month=jan, pages={744} }

@misc{kojima2023largelanguagemodelszeroshot,
      title={Large Language Models are Zero-Shot Reasoners}, 
      author={Takeshi Kojima and Shixiang Shane Gu and Machel Reid and Yutaka Matsuo and Yusuke Iwasawa},
      year={2023},
      eprint={2205.11916},
      archivePrefix={arXiv},
      primaryClass={cs.CL},
      url={https://arxiv.org/abs/2205.11916}, 
}

@misc{alpaca,
  author = {Rohan Taori and Ishaan Gulrajani and Tianyi Zhang and Yann Dubois and Xuechen Li and Carlos Guestrin and Percy Liang and Tatsunori B. Hashimoto },
  title = {Stanford Alpaca: An Instruction-following LLaMA model},
  year = {2023},
  publisher = {GitHub},
  journal = {GitHub repository},
  howpublished = {\url{https://github.com/tatsu-lab/stanford_alpaca}},
}

@misc{openai2024gpt4technicalreport,
      title={GPT-4 Technical Report}, 
      author={OpenAI and Josh Achiam and Steven Adler and Sandhini Agarwal and Lama Ahmad and Ilge Akkaya and Florencia Leoni Aleman and Diogo Almeida and Janko Altenschmidt and Sam Altman and Shyamal Anadkat and Red Avila and Igor Babuschkin and Suchir Balaji and Valerie Balcom and Paul Baltescu and Haiming Bao and Mohammad Bavarian and Jeff Belgum and Irwan Bello and Jake Berdine and Gabriel Bernadett-Shapiro and Christopher Berner and Lenny Bogdonoff and Oleg Boiko and Madelaine Boyd and Anna-Luisa Brakman and Greg Brockman and Tim Brooks and Miles Brundage and Kevin Button and Trevor Cai and Rosie Campbell and Andrew Cann and Brittany Carey and Chelsea Carlson and Rory Carmichael and Brooke Chan and Che Chang and Fotis Chantzis and Derek Chen and Sully Chen and Ruby Chen and Jason Chen and Mark Chen and Ben Chess and Chester Cho and Casey Chu and Hyung Won Chung and Dave Cummings and Jeremiah Currier and Yunxing Dai and Cory Decareaux and Thomas Degry and Noah Deutsch and Damien Deville and Arka Dhar and David Dohan and Steve Dowling and Sheila Dunning and Adrien Ecoffet and Atty Eleti and Tyna Eloundou and David Farhi and Liam Fedus and Niko Felix and Simón Posada Fishman and Juston Forte and Isabella Fulford and Leo Gao and Elie Georges and Christian Gibson and Vik Goel and Tarun Gogineni and Gabriel Goh and Rapha Gontijo-Lopes and Jonathan Gordon and Morgan Grafstein and Scott Gray and Ryan Greene and Joshua Gross and Shixiang Shane Gu and Yufei Guo and Chris Hallacy and Jesse Han and Jeff Harris and Yuchen He and Mike Heaton and Johannes Heidecke and Chris Hesse and Alan Hickey and Wade Hickey and Peter Hoeschele and Brandon Houghton and Kenny Hsu and Shengli Hu and Xin Hu and Joost Huizinga and Shantanu Jain and Shawn Jain and Joanne Jang and Angela Jiang and Roger Jiang and Haozhun Jin and Denny Jin and Shino Jomoto and Billie Jonn and Heewoo Jun and Tomer Kaftan and Łukasz Kaiser and Ali Kamali and Ingmar Kanitscheider and Nitish Shirish Keskar and Tabarak Khan and Logan Kilpatrick and Jong Wook Kim and Christina Kim and Yongjik Kim and Jan Hendrik Kirchner and Jamie Kiros and Matt Knight and Daniel Kokotajlo and Łukasz Kondraciuk and Andrew Kondrich and Aris Konstantinidis and Kyle Kosic and Gretchen Krueger and Vishal Kuo and Michael Lampe and Ikai Lan and Teddy Lee and Jan Leike and Jade Leung and Daniel Levy and Chak Ming Li and Rachel Lim and Molly Lin and Stephanie Lin and Mateusz Litwin and Theresa Lopez and Ryan Lowe and Patricia Lue and Anna Makanju and Kim Malfacini and Sam Manning and Todor Markov and Yaniv Markovski and Bianca Martin and Katie Mayer and Andrew Mayne and Bob McGrew and Scott Mayer McKinney and Christine McLeavey and Paul McMillan and Jake McNeil and David Medina and Aalok Mehta and Jacob Menick and Luke Metz and Andrey Mishchenko and Pamela Mishkin and Vinnie Monaco and Evan Morikawa and Daniel Mossing and Tong Mu and Mira Murati and Oleg Murk and David Mély and Ashvin Nair and Reiichiro Nakano and Rajeev Nayak and Arvind Neelakantan and Richard Ngo and Hyeonwoo Noh and Long Ouyang and Cullen O'Keefe and Jakub Pachocki and Alex Paino and Joe Palermo and Ashley Pantuliano and Giambattista Parascandolo and Joel Parish and Emy Parparita and Alex Passos and Mikhail Pavlov and Andrew Peng and Adam Perelman and Filipe de Avila Belbute Peres and Michael Petrov and Henrique Ponde de Oliveira Pinto and Michael and Pokorny and Michelle Pokrass and Vitchyr H. Pong and Tolly Powell and Alethea Power and Boris Power and Elizabeth Proehl and Raul Puri and Alec Radford and Jack Rae and Aditya Ramesh and Cameron Raymond and Francis Real and Kendra Rimbach and Carl Ross and Bob Rotsted and Henri Roussez and Nick Ryder and Mario Saltarelli and Ted Sanders and Shibani Santurkar and Girish Sastry and Heather Schmidt and David Schnurr and John Schulman and Daniel Selsam and Kyla Sheppard and Toki Sherbakov and Jessica Shieh and Sarah Shoker and Pranav Shyam and Szymon Sidor and Eric Sigler and Maddie Simens and Jordan Sitkin and Katarina Slama and Ian Sohl and Benjamin Sokolowsky and Yang Song and Natalie Staudacher and Felipe Petroski Such and Natalie Summers and Ilya Sutskever and Jie Tang and Nikolas Tezak and Madeleine B. Thompson and Phil Tillet and Amin Tootoonchian and Elizabeth Tseng and Preston Tuggle and Nick Turley and Jerry Tworek and Juan Felipe Cerón Uribe and Andrea Vallone and Arun Vijayvergiya and Chelsea Voss and Carroll Wainwright and Justin Jay Wang and Alvin Wang and Ben Wang and Jonathan Ward and Jason Wei and CJ Weinmann and Akila Welihinda and Peter Welinder and Jiayi Weng and Lilian Weng and Matt Wiethoff and Dave Willner and Clemens Winter and Samuel Wolrich and Hannah Wong and Lauren Workman and Sherwin Wu and Jeff Wu and Michael Wu and Kai Xiao and Tao Xu and Sarah Yoo and Kevin Yu and Qiming Yuan and Wojciech Zaremba and Rowan Zellers and Chong Zhang and Marvin Zhang and Shengjia Zhao and Tianhao Zheng and Juntang Zhuang and William Zhuk and Barret Zoph},
      year={2024},
      eprint={2303.08774},
      archivePrefix={arXiv},
      primaryClass={cs.CL},
      url={https://arxiv.org/abs/2303.08774}, 
}

@article{Touvron2023LLaMAOA,
  title={LLaMA: Open and Efficient Foundation Language Models},
  author={Hugo Touvron and Thibaut Lavril and Gautier Izacard and Xavier Martinet and Marie-Anne Lachaux and Timoth{\'e}e Lacroix and Baptiste Rozi{\`e}re and Naman Goyal and Eric Hambro and Faisal Azhar and Aurelien Rodriguez and Armand Joulin and Edouard Grave and Guillaume Lample},
  journal={ArXiv},
  year={2023},
  volume={abs/2302.13971},
  url={https://api.semanticscholar.org/CorpusID:257219404}
}

@misc{chowdhery2022palmscalinglanguagemodeling,
      title={PaLM: Scaling Language Modeling with Pathways}, 
      author={Aakanksha Chowdhery and Sharan Narang and Jacob Devlin and Maarten Bosma and Gaurav Mishra and Adam Roberts and Paul Barham and Hyung Won Chung and Charles Sutton and Sebastian Gehrmann and Parker Schuh and Kensen Shi and Sasha Tsvyashchenko and Joshua Maynez and Abhishek Rao and Parker Barnes and Yi Tay and Noam Shazeer and Vinodkumar Prabhakaran and Emily Reif and Nan Du and Ben Hutchinson and Reiner Pope and James Bradbury and Jacob Austin and Michael Isard and Guy Gur-Ari and Pengcheng Yin and Toju Duke and Anselm Levskaya and Sanjay Ghemawat and Sunipa Dev and Henryk Michalewski and Xavier Garcia and Vedant Misra and Kevin Robinson and Liam Fedus and Denny Zhou and Daphne Ippolito and David Luan and Hyeontaek Lim and Barret Zoph and Alexander Spiridonov and Ryan Sepassi and David Dohan and Shivani Agrawal and Mark Omernick and Andrew M. Dai and Thanumalayan Sankaranarayana Pillai and Marie Pellat and Aitor Lewkowycz and Erica Moreira and Rewon Child and Oleksandr Polozov and Katherine Lee and Zongwei Zhou and Xuezhi Wang and Brennan Saeta and Mark Diaz and Orhan Firat and Michele Catasta and Jason Wei and Kathy Meier-Hellstern and Douglas Eck and Jeff Dean and Slav Petrov and Noah Fiedel},
      year={2022},
      eprint={2204.02311},
      archivePrefix={arXiv},
      primaryClass={cs.CL},
      url={https://arxiv.org/abs/2204.02311}, 
}
@misc{geminiteam2024geminifamilyhighlycapable,
      title={Gemini: A Family of Highly Capable Multimodal Models}, 
      author={Gemini Team and Rohan Anil and Sebastian Borgeaud and Jean-Baptiste Alayrac and Jiahui Yu and Radu Soricut and Johan Schalkwyk and Andrew M. Dai and Anja Hauth and Katie Millican and David Silver and Melvin Johnson and Ioannis Antonoglou and Julian Schrittwieser and Amelia Glaese and Jilin Chen and Emily Pitler and Timothy Lillicrap and Angeliki Lazaridou and Orhan Firat and James Molloy and Michael Isard and Paul R. Barham and Tom Hennigan and Benjamin Lee and Fabio Viola and Malcolm Reynolds and Yuanzhong Xu and Ryan Doherty and Eli Collins and Clemens Meyer and Eliza Rutherford and Erica Moreira and Kareem Ayoub and Megha Goel and Jack Krawczyk and Cosmo Du and Ed Chi and Heng-Tze Cheng and Eric Ni and Purvi Shah and Patrick Kane and Betty Chan and Manaal Faruqui and Aliaksei Severyn and Hanzhao Lin and YaGuang Li and Yong Cheng and Abe Ittycheriah and Mahdis Mahdieh and Mia Chen and Pei Sun and Dustin Tran and Sumit Bagri and Balaji Lakshminarayanan and Jeremiah Liu and Andras Orban and Fabian Güra and Hao Zhou and Xinying Song and Aurelien Boffy and Harish Ganapathy and Steven Zheng and HyunJeong Choe and Ágoston Weisz and Tao Zhu and Yifeng Lu and Siddharth Gopal and Jarrod Kahn and Maciej Kula and Jeff Pitman and Rushin Shah and Emanuel Taropa and Majd Al Merey and Martin Baeuml and Zhifeng Chen and Laurent El Shafey and Yujing Zhang and Olcan Sercinoglu and George Tucker and Enrique Piqueras and Maxim Krikun and Iain Barr and Nikolay Savinov and Ivo Danihelka and Becca Roelofs and Anaïs White and Anders Andreassen and Tamara von Glehn and Lakshman Yagati and Mehran Kazemi and Lucas Gonzalez and Misha Khalman and Jakub Sygnowski and Alexandre Frechette and Charlotte Smith and Laura Culp and Lev Proleev and Yi Luan and Xi Chen and James Lottes and Nathan Schucher and Federico Lebron and Alban Rrustemi and Natalie Clay and Phil Crone and Tomas Kocisky and Jeffrey Zhao and Bartek Perz and Dian Yu and Heidi Howard and Adam Bloniarz and Jack W. Rae and Han Lu and Laurent Sifre and Marcello Maggioni and Fred Alcober and Dan Garrette and Megan Barnes and Shantanu Thakoor and Jacob Austin and Gabriel Barth-Maron and William Wong and Rishabh Joshi and Rahma Chaabouni and Deeni Fatiha and Arun Ahuja and Gaurav Singh Tomar and Evan Senter and Martin Chadwick and Ilya Kornakov and Nithya Attaluri and Iñaki Iturrate and Ruibo Liu and Yunxuan Li and Sarah Cogan and Jeremy Chen and Chao Jia and Chenjie Gu and Qiao Zhang and Jordan Grimstad and Ale Jakse Hartman and Xavier Garcia and Thanumalayan Sankaranarayana Pillai and Jacob Devlin and Michael Laskin and Diego de Las Casas and Dasha Valter and Connie Tao and Lorenzo Blanco and Adrià Puigdomènech Badia and David Reitter and Mianna Chen and Jenny Brennan and Clara Rivera and Sergey Brin and Shariq Iqbal and Gabriela Surita and Jane Labanowski and Abhi Rao and Stephanie Winkler and Emilio Parisotto and Yiming Gu and Kate Olszewska and Ravi Addanki and Antoine Miech and Annie Louis and Denis Teplyashin and Geoff Brown and Elliot Catt and Jan Balaguer and Jackie Xiang and Pidong Wang and Zoe Ashwood and Anton Briukhov and Albert Webson and Sanjay Ganapathy and Smit Sanghavi and Ajay Kannan and Ming-Wei Chang and Axel Stjerngren and Josip Djolonga and Yuting Sun and Ankur Bapna and Matthew Aitchison and Pedram Pejman and Henryk Michalewski and Tianhe Yu and Cindy Wang and Juliette Love and Junwhan Ahn and Dawn Bloxwich and Kehang Han and Peter Humphreys and Thibault Sellam and James Bradbury and Varun Godbole and Sina Samangooei and Bogdan Damoc and Alex Kaskasoli and Sébastien M. R. Arnold and Vijay Vasudevan and Shubham Agrawal and Jason Riesa and Dmitry Lepikhin and Richard Tanburn and Srivatsan Srinivasan and Hyeontaek Lim and Sarah Hodkinson and Pranav Shyam and Johan Ferret and Steven Hand and Ankush Garg and Tom Le Paine and Jian Li and Yujia Li and Minh Giang and Alexander Neitz and Zaheer Abbas and Sarah York and Machel Reid and Elizabeth Cole and Aakanksha Chowdhery and Dipanjan Das and Dominika Rogozińska and Vitaliy Nikolaev and Pablo Sprechmann and Zachary Nado and Lukas Zilka and Flavien Prost and Luheng He and Marianne Monteiro and Gaurav Mishra and Chris Welty and Josh Newlan and Dawei Jia and Miltiadis Allamanis and Clara Huiyi Hu and Raoul de Liedekerke and Justin Gilmer and Carl Saroufim and Shruti Rijhwani and Shaobo Hou and Disha Shrivastava and Anirudh Baddepudi and Alex Goldin and Adnan Ozturel and Albin Cassirer and Yunhan Xu and Daniel Sohn and Devendra Sachan and Reinald Kim Amplayo and Craig Swanson and Dessie Petrova and Shashi Narayan and Arthur Guez and Siddhartha Brahma and Jessica Landon and Miteyan Patel and Ruizhe Zhao and Kevin Villela and Luyu Wang and Wenhao Jia and Matthew Rahtz and Mai Giménez and Legg Yeung and James Keeling and Petko Georgiev and Diana Mincu and Boxi Wu and Salem Haykal and Rachel Saputro and Kiran Vodrahalli and James Qin and Zeynep Cankara and Abhanshu Sharma and Nick Fernando and Will Hawkins and Behnam Neyshabur and Solomon Kim and Adrian Hutter and Priyanka Agrawal and Alex Castro-Ros and George van den Driessche and Tao Wang and Fan Yang and Shuo-yiin Chang and Paul Komarek and Ross McIlroy and Mario Lučić and Guodong Zhang and Wael Farhan and Michael Sharman and Paul Natsev and Paul Michel and Yamini Bansal and Siyuan Qiao and Kris Cao and Siamak Shakeri and Christina Butterfield and Justin Chung and Paul Kishan Rubenstein and Shivani Agrawal and Arthur Mensch and Kedar Soparkar and Karel Lenc and Timothy Chung and Aedan Pope and Loren Maggiore and Jackie Kay and Priya Jhakra and Shibo Wang and Joshua Maynez and Mary Phuong and Taylor Tobin and Andrea Tacchetti and Maja Trebacz and Kevin Robinson and Yash Katariya and Sebastian Riedel and Paige Bailey and Kefan Xiao and Nimesh Ghelani and Lora Aroyo and Ambrose Slone and Neil Houlsby and Xuehan Xiong and Zhen Yang and Elena Gribovskaya and Jonas Adler and Mateo Wirth and Lisa Lee and Music Li and Thais Kagohara and Jay Pavagadhi and Sophie Bridgers and Anna Bortsova and Sanjay Ghemawat and Zafarali Ahmed and Tianqi Liu and Richard Powell and Vijay Bolina and Mariko Iinuma and Polina Zablotskaia and James Besley and Da-Woon Chung and Timothy Dozat and Ramona Comanescu and Xiance Si and Jeremy Greer and Guolong Su and Martin Polacek and Raphaël Lopez Kaufman and Simon Tokumine and Hexiang Hu and Elena Buchatskaya and Yingjie Miao and Mohamed Elhawaty and Aditya Siddhant and Nenad Tomasev and Jinwei Xing and Christina Greer and Helen Miller and Shereen Ashraf and Aurko Roy and Zizhao Zhang and Ada Ma and Angelos Filos and Milos Besta and Rory Blevins and Ted Klimenko and Chih-Kuan Yeh and Soravit Changpinyo and Jiaqi Mu and Oscar Chang and Mantas Pajarskas and Carrie Muir and Vered Cohen and Charline Le Lan and Krishna Haridasan and Amit Marathe and Steven Hansen and Sholto Douglas and Rajkumar Samuel and Mingqiu Wang and Sophia Austin and Chang Lan and Jiepu Jiang and Justin Chiu and Jaime Alonso Lorenzo and Lars Lowe Sjösund and Sébastien Cevey and Zach Gleicher and Thi Avrahami and Anudhyan Boral and Hansa Srinivasan and Vittorio Selo and Rhys May and Konstantinos Aisopos and Léonard Hussenot and Livio Baldini Soares and Kate Baumli and Michael B. Chang and Adrià Recasens and Ben Caine and Alexander Pritzel and Filip Pavetic and Fabio Pardo and Anita Gergely and Justin Frye and Vinay Ramasesh and Dan Horgan and Kartikeya Badola and Nora Kassner and Subhrajit Roy and Ethan Dyer and Víctor Campos Campos and Alex Tomala and Yunhao Tang and Dalia El Badawy and Elspeth White and Basil Mustafa and Oran Lang and Abhishek Jindal and Sharad Vikram and Zhitao Gong and Sergi Caelles and Ross Hemsley and Gregory Thornton and Fangxiaoyu Feng and Wojciech Stokowiec and Ce Zheng and Phoebe Thacker and Çağlar Ünlü and Zhishuai Zhang and Mohammad Saleh and James Svensson and Max Bileschi and Piyush Patil and Ankesh Anand and Roman Ring and Katerina Tsihlas and Arpi Vezer and Marco Selvi and Toby Shevlane and Mikel Rodriguez and Tom Kwiatkowski and Samira Daruki and Keran Rong and Allan Dafoe and Nicholas FitzGerald and Keren Gu-Lemberg and Mina Khan and Lisa Anne Hendricks and Marie Pellat and Vladimir Feinberg and James Cobon-Kerr and Tara Sainath and Maribeth Rauh and Sayed Hadi Hashemi and Richard Ives and Yana Hasson and Eric Noland and Yuan Cao and Nathan Byrd and Le Hou and Qingze Wang and Thibault Sottiaux and Michela Paganini and Jean-Baptiste Lespiau and Alexandre Moufarek and Samer Hassan and Kaushik Shivakumar and Joost van Amersfoort and Amol Mandhane and Pratik Joshi and Anirudh Goyal and Matthew Tung and Andrew Brock and Hannah Sheahan and Vedant Misra and Cheng Li and Nemanja Rakićević and Mostafa Dehghani and Fangyu Liu and Sid Mittal and Junhyuk Oh and Seb Noury and Eren Sezener and Fantine Huot and Matthew Lamm and Nicola De Cao and Charlie Chen and Sidharth Mudgal and Romina Stella and Kevin Brooks and Gautam Vasudevan and Chenxi Liu and Mainak Chain and Nivedita Melinkeri and Aaron Cohen and Venus Wang and Kristie Seymore and Sergey Zubkov and Rahul Goel and Summer Yue and Sai Krishnakumaran and Brian Albert and Nate Hurley and Motoki Sano and Anhad Mohananey and Jonah Joughin and Egor Filonov and Tomasz Kępa and Yomna Eldawy and Jiawern Lim and Rahul Rishi and Shirin Badiezadegan and Taylor Bos and Jerry Chang and Sanil Jain and Sri Gayatri Sundara Padmanabhan and Subha Puttagunta and Kalpesh Krishna and Leslie Baker and Norbert Kalb and Vamsi Bedapudi and Adam Kurzrok and Shuntong Lei and Anthony Yu and Oren Litvin and Xiang Zhou and Zhichun Wu and Sam Sobell and Andrea Siciliano and Alan Papir and Robby Neale and Jonas Bragagnolo and Tej Toor and Tina Chen and Valentin Anklin and Feiran Wang and Richie Feng and Milad Gholami and Kevin Ling and Lijuan Liu and Jules Walter and Hamid Moghaddam and Arun Kishore and Jakub Adamek and Tyler Mercado and Jonathan Mallinson and Siddhinita Wandekar and Stephen Cagle and Eran Ofek and Guillermo Garrido and Clemens Lombriser and Maksim Mukha and Botu Sun and Hafeezul Rahman Mohammad and Josip Matak and Yadi Qian and Vikas Peswani and Pawel Janus and Quan Yuan and Leif Schelin and Oana David and Ankur Garg and Yifan He and Oleksii Duzhyi and Anton Älgmyr and Timothée Lottaz and Qi Li and Vikas Yadav and Luyao Xu and Alex Chinien and Rakesh Shivanna and Aleksandr Chuklin and Josie Li and Carrie Spadine and Travis Wolfe and Kareem Mohamed and Subhabrata Das and Zihang Dai and Kyle He and Daniel von Dincklage and Shyam Upadhyay and Akanksha Maurya and Luyan Chi and Sebastian Krause and Khalid Salama and Pam G Rabinovitch and Pavan Kumar Reddy M and Aarush Selvan and Mikhail Dektiarev and Golnaz Ghiasi and Erdem Guven and Himanshu Gupta and Boyi Liu and Deepak Sharma and Idan Heimlich Shtacher and Shachi Paul and Oscar Akerlund and François-Xavier Aubet and Terry Huang and Chen Zhu and Eric Zhu and Elico Teixeira and Matthew Fritze and Francesco Bertolini and Liana-Eleonora Marinescu and Martin Bölle and Dominik Paulus and Khyatti Gupta and Tejasi Latkar and Max Chang and Jason Sanders and Roopa Wilson and Xuewei Wu and Yi-Xuan Tan and Lam Nguyen Thiet and Tulsee Doshi and Sid Lall and Swaroop Mishra and Wanming Chen and Thang Luong and Seth Benjamin and Jasmine Lee and Ewa Andrejczuk and Dominik Rabiej and Vipul Ranjan and Krzysztof Styrc and Pengcheng Yin and Jon Simon and Malcolm Rose Harriott and Mudit Bansal and Alexei Robsky and Geoff Bacon and David Greene and Daniil Mirylenka and Chen Zhou and Obaid Sarvana and Abhimanyu Goyal and Samuel Andermatt and Patrick Siegler and Ben Horn and Assaf Israel and Francesco Pongetti and Chih-Wei "Louis" Chen and Marco Selvatici and Pedro Silva and Kathie Wang and Jackson Tolins and Kelvin Guu and Roey Yogev and Xiaochen Cai and Alessandro Agostini and Maulik Shah and Hung Nguyen and Noah Ó Donnaile and Sébastien Pereira and Linda Friso and Adam Stambler and Adam Kurzrok and Chenkai Kuang and Yan Romanikhin and Mark Geller and ZJ Yan and Kane Jang and Cheng-Chun Lee and Wojciech Fica and Eric Malmi and Qijun Tan and Dan Banica and Daniel Balle and Ryan Pham and Yanping Huang and Diana Avram and Hongzhi Shi and Jasjot Singh and Chris Hidey and Niharika Ahuja and Pranab Saxena and Dan Dooley and Srividya Pranavi Potharaju and Eileen O'Neill and Anand Gokulchandran and Ryan Foley and Kai Zhao and Mike Dusenberry and Yuan Liu and Pulkit Mehta and Ragha Kotikalapudi and Chalence Safranek-Shrader and Andrew Goodman and Joshua Kessinger and Eran Globen and Prateek Kolhar and Chris Gorgolewski and Ali Ibrahim and Yang Song and Ali Eichenbaum and Thomas Brovelli and Sahitya Potluri and Preethi Lahoti and Cip Baetu and Ali Ghorbani and Charles Chen and Andy Crawford and Shalini Pal and Mukund Sridhar and Petru Gurita and Asier Mujika and Igor Petrovski and Pierre-Louis Cedoz and Chenmei Li and Shiyuan Chen and Niccolò Dal Santo and Siddharth Goyal and Jitesh Punjabi and Karthik Kappaganthu and Chester Kwak and Pallavi LV and Sarmishta Velury and Himadri Choudhury and Jamie Hall and Premal Shah and Ricardo Figueira and Matt Thomas and Minjie Lu and Ting Zhou and Chintu Kumar and Thomas Jurdi and Sharat Chikkerur and Yenai Ma and Adams Yu and Soo Kwak and Victor Ähdel and Sujeevan Rajayogam and Travis Choma and Fei Liu and Aditya Barua and Colin Ji and Ji Ho Park and Vincent Hellendoorn and Alex Bailey and Taylan Bilal and Huanjie Zhou and Mehrdad Khatir and Charles Sutton and Wojciech Rzadkowski and Fiona Macintosh and Konstantin Shagin and Paul Medina and Chen Liang and Jinjing Zhou and Pararth Shah and Yingying Bi and Attila Dankovics and Shipra Banga and Sabine Lehmann and Marissa Bredesen and Zifan Lin and John Eric Hoffmann and Jonathan Lai and Raynald Chung and Kai Yang and Nihal Balani and Arthur Bražinskas and Andrei Sozanschi and Matthew Hayes and Héctor Fernández Alcalde and Peter Makarov and Will Chen and Antonio Stella and Liselotte Snijders and Michael Mandl and Ante Kärrman and Paweł Nowak and Xinyi Wu and Alex Dyck and Krishnan Vaidyanathan and Raghavender R and Jessica Mallet and Mitch Rudominer and Eric Johnston and Sushil Mittal and Akhil Udathu and Janara Christensen and Vishal Verma and Zach Irving and Andreas Santucci and Gamaleldin Elsayed and Elnaz Davoodi and Marin Georgiev and Ian Tenney and Nan Hua and Geoffrey Cideron and Edouard Leurent and Mahmoud Alnahlawi and Ionut Georgescu and Nan Wei and Ivy Zheng and Dylan Scandinaro and Heinrich Jiang and Jasper Snoek and Mukund Sundararajan and Xuezhi Wang and Zack Ontiveros and Itay Karo and Jeremy Cole and Vinu Rajashekhar and Lara Tumeh and Eyal Ben-David and Rishub Jain and Jonathan Uesato and Romina Datta and Oskar Bunyan and Shimu Wu and John Zhang and Piotr Stanczyk and Ye Zhang and David Steiner and Subhajit Naskar and Michael Azzam and Matthew Johnson and Adam Paszke and Chung-Cheng Chiu and Jaume Sanchez Elias and Afroz Mohiuddin and Faizan Muhammad and Jin Miao and Andrew Lee and Nino Vieillard and Jane Park and Jiageng Zhang and Jeff Stanway and Drew Garmon and Abhijit Karmarkar and Zhe Dong and Jong Lee and Aviral Kumar and Luowei Zhou and Jonathan Evens and William Isaac and Geoffrey Irving and Edward Loper and Michael Fink and Isha Arkatkar and Nanxin Chen and Izhak Shafran and Ivan Petrychenko and Zhe Chen and Johnson Jia and Anselm Levskaya and Zhenkai Zhu and Peter Grabowski and Yu Mao and Alberto Magni and Kaisheng Yao and Javier Snaider and Norman Casagrande and Evan Palmer and Paul Suganthan and Alfonso Castaño and Irene Giannoumis and Wooyeol Kim and Mikołaj Rybiński and Ashwin Sreevatsa and Jennifer Prendki and David Soergel and Adrian Goedeckemeyer and Willi Gierke and Mohsen Jafari and Meenu Gaba and Jeremy Wiesner and Diana Gage Wright and Yawen Wei and Harsha Vashisht and Yana Kulizhskaya and Jay Hoover and Maigo Le and Lu Li and Chimezie Iwuanyanwu and Lu Liu and Kevin Ramirez and Andrey Khorlin and Albert Cui and Tian LIN and Marcus Wu and Ricardo Aguilar and Keith Pallo and Abhishek Chakladar and Ginger Perng and Elena Allica Abellan and Mingyang Zhang and Ishita Dasgupta and Nate Kushman and Ivo Penchev and Alena Repina and Xihui Wu and Tom van der Weide and Priya Ponnapalli and Caroline Kaplan and Jiri Simsa and Shuangfeng Li and Olivier Dousse and Fan Yang and Jeff Piper and Nathan Ie and Rama Pasumarthi and Nathan Lintz and Anitha Vijayakumar and Daniel Andor and Pedro Valenzuela and Minnie Lui and Cosmin Paduraru and Daiyi Peng and Katherine Lee and Shuyuan Zhang and Somer Greene and Duc Dung Nguyen and Paula Kurylowicz and Cassidy Hardin and Lucas Dixon and Lili Janzer and Kiam Choo and Ziqiang Feng and Biao Zhang and Achintya Singhal and Dayou Du and Dan McKinnon and Natasha Antropova and Tolga Bolukbasi and Orgad Keller and David Reid and Daniel Finchelstein and Maria Abi Raad and Remi Crocker and Peter Hawkins and Robert Dadashi and Colin Gaffney and Ken Franko and Anna Bulanova and Rémi Leblond and Shirley Chung and Harry Askham and Luis C. Cobo and Kelvin Xu and Felix Fischer and Jun Xu and Christina Sorokin and Chris Alberti and Chu-Cheng Lin and Colin Evans and Alek Dimitriev and Hannah Forbes and Dylan Banarse and Zora Tung and Mark Omernick and Colton Bishop and Rachel Sterneck and Rohan Jain and Jiawei Xia and Ehsan Amid and Francesco Piccinno and Xingyu Wang and Praseem Banzal and Daniel J. Mankowitz and Alex Polozov and Victoria Krakovna and Sasha Brown and MohammadHossein Bateni and Dennis Duan and Vlad Firoiu and Meghana Thotakuri and Tom Natan and Matthieu Geist and Ser tan Girgin and Hui Li and Jiayu Ye and Ofir Roval and Reiko Tojo and Michael Kwong and James Lee-Thorp and Christopher Yew and Danila Sinopalnikov and Sabela Ramos and John Mellor and Abhishek Sharma and Kathy Wu and David Miller and Nicolas Sonnerat and Denis Vnukov and Rory Greig and Jennifer Beattie and Emily Caveness and Libin Bai and Julian Eisenschlos and Alex Korchemniy and Tomy Tsai and Mimi Jasarevic and Weize Kong and Phuong Dao and Zeyu Zheng and Frederick Liu and Fan Yang and Rui Zhu and Tian Huey Teh and Jason Sanmiya and Evgeny Gladchenko and Nejc Trdin and Daniel Toyama and Evan Rosen and Sasan Tavakkol and Linting Xue and Chen Elkind and Oliver Woodman and John Carpenter and George Papamakarios and Rupert Kemp and Sushant Kafle and Tanya Grunina and Rishika Sinha and Alice Talbert and Diane Wu and Denese Owusu-Afriyie and Cosmo Du and Chloe Thornton and Jordi Pont-Tuset and Pradyumna Narayana and Jing Li and Saaber Fatehi and John Wieting and Omar Ajmeri and Benigno Uria and Yeongil Ko and Laura Knight and Amélie Héliou and Ning Niu and Shane Gu and Chenxi Pang and Yeqing Li and Nir Levine and Ariel Stolovich and Rebeca Santamaria-Fernandez and Sonam Goenka and Wenny Yustalim and Robin Strudel and Ali Elqursh and Charlie Deck and Hyo Lee and Zonglin Li and Kyle Levin and Raphael Hoffmann and Dan Holtmann-Rice and Olivier Bachem and Sho Arora and Christy Koh and Soheil Hassas Yeganeh and Siim Põder and Mukarram Tariq and Yanhua Sun and Lucian Ionita and Mojtaba Seyedhosseini and Pouya Tafti and Zhiyu Liu and Anmol Gulati and Jasmine Liu and Xinyu Ye and Bart Chrzaszcz and Lily Wang and Nikhil Sethi and Tianrun Li and Ben Brown and Shreya Singh and Wei Fan and Aaron Parisi and Joe Stanton and Vinod Koverkathu and Christopher A. Choquette-Choo and Yunjie Li and TJ Lu and Abe Ittycheriah and Prakash Shroff and Mani Varadarajan and Sanaz Bahargam and Rob Willoughby and David Gaddy and Guillaume Desjardins and Marco Cornero and Brona Robenek and Bhavishya Mittal and Ben Albrecht and Ashish Shenoy and Fedor Moiseev and Henrik Jacobsson and Alireza Ghaffarkhah and Morgane Rivière and Alanna Walton and Clément Crepy and Alicia Parrish and Zongwei Zhou and Clement Farabet and Carey Radebaugh and Praveen Srinivasan and Claudia van der Salm and Andreas Fidjeland and Salvatore Scellato and Eri Latorre-Chimoto and Hanna Klimczak-Plucińska and David Bridson and Dario de Cesare and Tom Hudson and Piermaria Mendolicchio and Lexi Walker and Alex Morris and Matthew Mauger and Alexey Guseynov and Alison Reid and Seth Odoom and Lucia Loher and Victor Cotruta and Madhavi Yenugula and Dominik Grewe and Anastasia Petrushkina and Tom Duerig and Antonio Sanchez and Steve Yadlowsky and Amy Shen and Amir Globerson and Lynette Webb and Sahil Dua and Dong Li and Surya Bhupatiraju and Dan Hurt and Haroon Qureshi and Ananth Agarwal and Tomer Shani and Matan Eyal and Anuj Khare and Shreyas Rammohan Belle and Lei Wang and Chetan Tekur and Mihir Sanjay Kale and Jinliang Wei and Ruoxin Sang and Brennan Saeta and Tyler Liechty and Yi Sun and Yao Zhao and Stephan Lee and Pandu Nayak and Doug Fritz and Manish Reddy Vuyyuru and John Aslanides and Nidhi Vyas and Martin Wicke and Xiao Ma and Evgenii Eltyshev and Nina Martin and Hardie Cate and James Manyika and Keyvan Amiri and Yelin Kim and Xi Xiong and Kai Kang and Florian Luisier and Nilesh Tripuraneni and David Madras and Mandy Guo and Austin Waters and Oliver Wang and Joshua Ainslie and Jason Baldridge and Han Zhang and Garima Pruthi and Jakob Bauer and Feng Yang and Riham Mansour and Jason Gelman and Yang Xu and George Polovets and Ji Liu and Honglong Cai and Warren Chen and XiangHai Sheng and Emily Xue and Sherjil Ozair and Christof Angermueller and Xiaowei Li and Anoop Sinha and Weiren Wang and Julia Wiesinger and Emmanouil Koukoumidis and Yuan Tian and Anand Iyer and Madhu Gurumurthy and Mark Goldenson and Parashar Shah and MK Blake and Hongkun Yu and Anthony Urbanowicz and Jennimaria Palomaki and Chrisantha Fernando and Ken Durden and Harsh Mehta and Nikola Momchev and Elahe Rahimtoroghi and Maria Georgaki and Amit Raul and Sebastian Ruder and Morgan Redshaw and Jinhyuk Lee and Denny Zhou and Komal Jalan and Dinghua Li and Blake Hechtman and Parker Schuh and Milad Nasr and Kieran Milan and Vladimir Mikulik and Juliana Franco and Tim Green and Nam Nguyen and Joe Kelley and Aroma Mahendru and Andrea Hu and Joshua Howland and Ben Vargas and Jeffrey Hui and Kshitij Bansal and Vikram Rao and Rakesh Ghiya and Emma Wang and Ke Ye and Jean Michel Sarr and Melanie Moranski Preston and Madeleine Elish and Steve Li and Aakash Kaku and Jigar Gupta and Ice Pasupat and Da-Cheng Juan and Milan Someswar and Tejvi M. and Xinyun Chen and Aida Amini and Alex Fabrikant and Eric Chu and Xuanyi Dong and Amruta Muthal and Senaka Buthpitiya and Sarthak Jauhari and Nan Hua and Urvashi Khandelwal and Ayal Hitron and Jie Ren and Larissa Rinaldi and Shahar Drath and Avigail Dabush and Nan-Jiang Jiang and Harshal Godhia and Uli Sachs and Anthony Chen and Yicheng Fan and Hagai Taitelbaum and Hila Noga and Zhuyun Dai and James Wang and Chen Liang and Jenny Hamer and Chun-Sung Ferng and Chenel Elkind and Aviel Atias and Paulina Lee and Vít Listík and Mathias Carlen and Jan van de Kerkhof and Marcin Pikus and Krunoslav Zaher and Paul Müller and Sasha Zykova and Richard Stefanec and Vitaly Gatsko and Christoph Hirnschall and Ashwin Sethi and Xingyu Federico Xu and Chetan Ahuja and Beth Tsai and Anca Stefanoiu and Bo Feng and Keshav Dhandhania and Manish Katyal and Akshay Gupta and Atharva Parulekar and Divya Pitta and Jing Zhao and Vivaan Bhatia and Yashodha Bhavnani and Omar Alhadlaq and Xiaolin Li and Peter Danenberg and Dennis Tu and Alex Pine and Vera Filippova and Abhipso Ghosh and Ben Limonchik and Bhargava Urala and Chaitanya Krishna Lanka and Derik Clive and Yi Sun and Edward Li and Hao Wu and Kevin Hongtongsak and Ianna Li and Kalind Thakkar and Kuanysh Omarov and Kushal Majmundar and Michael Alverson and Michael Kucharski and Mohak Patel and Mudit Jain and Maksim Zabelin and Paolo Pelagatti and Rohan Kohli and Saurabh Kumar and Joseph Kim and Swetha Sankar and Vineet Shah and Lakshmi Ramachandruni and Xiangkai Zeng and Ben Bariach and Laura Weidinger and Tu Vu and Alek Andreev and Antoine He and Kevin Hui and Sheleem Kashem and Amar Subramanya and Sissie Hsiao and Demis Hassabis and Koray Kavukcuoglu and Adam Sadovsky and Quoc Le and Trevor Strohman and Yonghui Wu and Slav Petrov and Jeffrey Dean and Oriol Vinyals},
      year={2024},
      eprint={2312.11805},
      archivePrefix={arXiv},
      primaryClass={cs.CL},
      url={https://arxiv.org/abs/2312.11805}, 
}

@article{Chen2023AlpaGasusTA,
  title={AlpaGasus: Training A Better Alpaca with Fewer Data},
  author={Lichang Chen and SHIYANG LI and Jun Yan and Hai Wang and Kalpa Gunaratna and Vikas Yadav and Zheng Tang and Vijay Srinivasan and Tianyi Zhou and Heng Huang and Hongxia Jin},
  journal={ArXiv},
  year={2023},
  volume={abs/2307.08701},
  url={https://api.semanticscholar.org/CorpusID:259937133}
}
@inproceedings{Wang2022PromDAPD,
  title={PromDA: Prompt-based Data Augmentation for Low-Resource NLU Tasks},
  author={Yufei Wang and Can Xu and Qingfeng Sun and Huang Hu and Chongyang Tao and Xiubo Geng and Daxin Jiang},
  booktitle={Annual Meeting of the Association for Computational Linguistics},
  year={2022},
  url={https://api.semanticscholar.org/CorpusID:247155039}
}


@misc{smith2022usingdeepspeedmegatrontrain,
      title={Using DeepSpeed and Megatron to Train Megatron-Turing NLG 530B, A Large-Scale Generative Language Model}, 
      author={Shaden Smith and Mostofa Patwary and Brandon Norick and Patrick LeGresley and Samyam Rajbhandari and Jared Casper and Zhun Liu and Shrimai Prabhumoye and George Zerveas and Vijay Korthikanti and Elton Zhang and Rewon Child and Reza Yazdani Aminabadi and Julie Bernauer and Xia Song and Mohammad Shoeybi and Yuxiong He and Michael Houston and Saurabh Tiwary and Bryan Catanzaro},
      year={2022},
      eprint={2201.11990},
      archivePrefix={arXiv},
      primaryClass={cs.CL},
      url={https://arxiv.org/abs/2201.11990}, 
}

@misc{dubey2024llama3herdmodels,
      title={The Llama 3 Herd of Models}, 
      author={Abhimanyu Dubey and Abhinav Jauhri and Abhinav Pandey and Abhishek Kadian and Ahmad Al-Dahle and Aiesha Letman and Akhil Mathur and Alan Schelten and Amy Yang and Angela Fan and Anirudh Goyal and Anthony Hartshorn and Aobo Yang and Archi Mitra and Archie Sravankumar and Artem Korenev and Arthur Hinsvark and Arun Rao and Aston Zhang and Aurelien Rodriguez and Austen Gregerson and Ava Spataru and Baptiste Roziere and Bethany Biron and Binh Tang and Bobbie Chern and Charlotte Caucheteux and Chaya Nayak and Chloe Bi and Chris Marra and Chris McConnell and Christian Keller and Christophe Touret and Chunyang Wu and Corinne Wong and Cristian Canton Ferrer and Cyrus Nikolaidis and Damien Allonsius and Daniel Song and Danielle Pintz and Danny Livshits and David Esiobu and Dhruv Choudhary and Dhruv Mahajan and Diego Garcia-Olano and Diego Perino and Dieuwke Hupkes and Egor Lakomkin and Ehab AlBadawy and Elina Lobanova and Emily Dinan and Eric Michael Smith and Filip Radenovic and Frank Zhang and Gabriel Synnaeve and Gabrielle Lee and Georgia Lewis Anderson and Graeme Nail and Gregoire Mialon and Guan Pang and Guillem Cucurell and Hailey Nguyen and Hannah Korevaar and Hu Xu and Hugo Touvron and Iliyan Zarov and Imanol Arrieta Ibarra and Isabel Kloumann and Ishan Misra and Ivan Evtimov and Jade Copet and Jaewon Lee and Jan Geffert and Jana Vranes and Jason Park and Jay Mahadeokar and Jeet Shah and Jelmer van der Linde and Jennifer Billock and Jenny Hong and Jenya Lee and Jeremy Fu and Jianfeng Chi and Jianyu Huang and Jiawen Liu and Jie Wang and Jiecao Yu and Joanna Bitton and Joe Spisak and Jongsoo Park and Joseph Rocca and Joshua Johnstun and Joshua Saxe and Junteng Jia and Kalyan Vasuden Alwala and Kartikeya Upasani and Kate Plawiak and Ke Li and Kenneth Heafield and Kevin Stone and Khalid El-Arini and Krithika Iyer and Kshitiz Malik and Kuenley Chiu and Kunal Bhalla and Lauren Rantala-Yeary and Laurens van der Maaten and Lawrence Chen and Liang Tan and Liz Jenkins and Louis Martin and Lovish Madaan and Lubo Malo and Lukas Blecher and Lukas Landzaat and Luke de Oliveira and Madeline Muzzi and Mahesh Pasupuleti and Mannat Singh and Manohar Paluri and Marcin Kardas and Mathew Oldham and Mathieu Rita and Maya Pavlova and Melanie Kambadur and Mike Lewis and Min Si and Mitesh Kumar Singh and Mona Hassan and Naman Goyal and Narjes Torabi and Nikolay Bashlykov and Nikolay Bogoychev and Niladri Chatterji and Olivier Duchenne and Onur Çelebi and Patrick Alrassy and Pengchuan Zhang and Pengwei Li and Petar Vasic and Peter Weng and Prajjwal Bhargava and Pratik Dubal and Praveen Krishnan and Punit Singh Koura and Puxin Xu and Qing He and Qingxiao Dong and Ragavan Srinivasan and Raj Ganapathy and Ramon Calderer and Ricardo Silveira Cabral and Robert Stojnic and Roberta Raileanu and Rohit Girdhar and Rohit Patel and Romain Sauvestre and Ronnie Polidoro and Roshan Sumbaly and Ross Taylor and Ruan Silva and Rui Hou and Rui Wang and Saghar Hosseini and Sahana Chennabasappa and Sanjay Singh and Sean Bell and Seohyun Sonia Kim and Sergey Edunov and Shaoliang Nie and Sharan Narang and Sharath Raparthy and Sheng Shen and Shengye Wan and Shruti Bhosale and Shun Zhang and Simon Vandenhende and Soumya Batra and Spencer Whitman and Sten Sootla and Stephane Collot and Suchin Gururangan and Sydney Borodinsky and Tamar Herman and Tara Fowler and Tarek Sheasha and Thomas Georgiou and Thomas Scialom and Tobias Speckbacher and Todor Mihaylov and Tong Xiao and Ujjwal Karn and Vedanuj Goswami and Vibhor Gupta and Vignesh Ramanathan and Viktor Kerkez and Vincent Gonguet and Virginie Do and Vish Vogeti and Vladan Petrovic and Weiwei Chu and Wenhan Xiong and Wenyin Fu and Whitney Meers and Xavier Martinet and Xiaodong Wang and Xiaoqing Ellen Tan and Xinfeng Xie and Xuchao Jia and Xuewei Wang and Yaelle Goldschlag and Yashesh Gaur and Yasmine Babaei and Yi Wen and Yiwen Song and Yuchen Zhang and Yue Li and Yuning Mao and Zacharie Delpierre Coudert and Zheng Yan and Zhengxing Chen and Zoe Papakipos and Aaditya Singh and Aaron Grattafiori and Abha Jain and Adam Kelsey and Adam Shajnfeld and Adithya Gangidi and Adolfo Victoria and Ahuva Goldstand and Ajay Menon and Ajay Sharma and Alex Boesenberg and Alex Vaughan and Alexei Baevski and Allie Feinstein and Amanda Kallet and Amit Sangani and Anam Yunus and Andrei Lupu and Andres Alvarado and Andrew Caples and Andrew Gu and Andrew Ho and Andrew Poulton and Andrew Ryan and Ankit Ramchandani and Annie Franco and Aparajita Saraf and Arkabandhu Chowdhury and Ashley Gabriel and Ashwin Bharambe and Assaf Eisenman and Azadeh Yazdan and Beau James and Ben Maurer and Benjamin Leonhardi and Bernie Huang and Beth Loyd and Beto De Paola and Bhargavi Paranjape and Bing Liu and Bo Wu and Boyu Ni and Braden Hancock and Bram Wasti and Brandon Spence and Brani Stojkovic and Brian Gamido and Britt Montalvo and Carl Parker and Carly Burton and Catalina Mejia and Changhan Wang and Changkyu Kim and Chao Zhou and Chester Hu and Ching-Hsiang Chu and Chris Cai and Chris Tindal and Christoph Feichtenhofer and Damon Civin and Dana Beaty and Daniel Kreymer and Daniel Li and Danny Wyatt and David Adkins and David Xu and Davide Testuggine and Delia David and Devi Parikh and Diana Liskovich and Didem Foss and Dingkang Wang and Duc Le and Dustin Holland and Edward Dowling and Eissa Jamil and Elaine Montgomery and Eleonora Presani and Emily Hahn and Emily Wood and Erik Brinkman and Esteban Arcaute and Evan Dunbar and Evan Smothers and Fei Sun and Felix Kreuk and Feng Tian and Firat Ozgenel and Francesco Caggioni and Francisco Guzmán and Frank Kanayet and Frank Seide and Gabriela Medina Florez and Gabriella Schwarz and Gada Badeer and Georgia Swee and Gil Halpern and Govind Thattai and Grant Herman and Grigory Sizov and Guangyi and Zhang and Guna Lakshminarayanan and Hamid Shojanazeri and Han Zou and Hannah Wang and Hanwen Zha and Haroun Habeeb and Harrison Rudolph and Helen Suk and Henry Aspegren and Hunter Goldman and Ibrahim Damlaj and Igor Molybog and Igor Tufanov and Irina-Elena Veliche and Itai Gat and Jake Weissman and James Geboski and James Kohli and Japhet Asher and Jean-Baptiste Gaya and Jeff Marcus and Jeff Tang and Jennifer Chan and Jenny Zhen and Jeremy Reizenstein and Jeremy Teboul and Jessica Zhong and Jian Jin and Jingyi Yang and Joe Cummings and Jon Carvill and Jon Shepard and Jonathan McPhie and Jonathan Torres and Josh Ginsburg and Junjie Wang and Kai Wu and Kam Hou U and Karan Saxena and Karthik Prasad and Kartikay Khandelwal and Katayoun Zand and Kathy Matosich and Kaushik Veeraraghavan and Kelly Michelena and Keqian Li and Kun Huang and Kunal Chawla and Kushal Lakhotia and Kyle Huang and Lailin Chen and Lakshya Garg and Lavender A and Leandro Silva and Lee Bell and Lei Zhang and Liangpeng Guo and Licheng Yu and Liron Moshkovich and Luca Wehrstedt and Madian Khabsa and Manav Avalani and Manish Bhatt and Maria Tsimpoukelli and Martynas Mankus and Matan Hasson and Matthew Lennie and Matthias Reso and Maxim Groshev and Maxim Naumov and Maya Lathi and Meghan Keneally and Michael L. Seltzer and Michal Valko and Michelle Restrepo and Mihir Patel and Mik Vyatskov and Mikayel Samvelyan and Mike Clark and Mike Macey and Mike Wang and Miquel Jubert Hermoso and Mo Metanat and Mohammad Rastegari and Munish Bansal and Nandhini Santhanam and Natascha Parks and Natasha White and Navyata Bawa and Nayan Singhal and Nick Egebo and Nicolas Usunier and Nikolay Pavlovich Laptev and Ning Dong and Ning Zhang and Norman Cheng and Oleg Chernoguz and Olivia Hart and Omkar Salpekar and Ozlem Kalinli and Parkin Kent and Parth Parekh and Paul Saab and Pavan Balaji and Pedro Rittner and Philip Bontrager and Pierre Roux and Piotr Dollar and Polina Zvyagina and Prashant Ratanchandani and Pritish Yuvraj and Qian Liang and Rachad Alao and Rachel Rodriguez and Rafi Ayub and Raghotham Murthy and Raghu Nayani and Rahul Mitra and Raymond Li and Rebekkah Hogan and Robin Battey and Rocky Wang and Rohan Maheswari and Russ Howes and Ruty Rinott and Sai Jayesh Bondu and Samyak Datta and Sara Chugh and Sara Hunt and Sargun Dhillon and Sasha Sidorov and Satadru Pan and Saurabh Verma and Seiji Yamamoto and Sharadh Ramaswamy and Shaun Lindsay and Shaun Lindsay and Sheng Feng and Shenghao Lin and Shengxin Cindy Zha and Shiva Shankar and Shuqiang Zhang and Shuqiang Zhang and Sinong Wang and Sneha Agarwal and Soji Sajuyigbe and Soumith Chintala and Stephanie Max and Stephen Chen and Steve Kehoe and Steve Satterfield and Sudarshan Govindaprasad and Sumit Gupta and Sungmin Cho and Sunny Virk and Suraj Subramanian and Sy Choudhury and Sydney Goldman and Tal Remez and Tamar Glaser and Tamara Best and Thilo Kohler and Thomas Robinson and Tianhe Li and Tianjun Zhang and Tim Matthews and Timothy Chou and Tzook Shaked and Varun Vontimitta and Victoria Ajayi and Victoria Montanez and Vijai Mohan and Vinay Satish Kumar and Vishal Mangla and Vítor Albiero and Vlad Ionescu and Vlad Poenaru and Vlad Tiberiu Mihailescu and Vladimir Ivanov and Wei Li and Wenchen Wang and Wenwen Jiang and Wes Bouaziz and Will Constable and Xiaocheng Tang and Xiaofang Wang and Xiaojian Wu and Xiaolan Wang and Xide Xia and Xilun Wu and Xinbo Gao and Yanjun Chen and Ye Hu and Ye Jia and Ye Qi and Yenda Li and Yilin Zhang and Ying Zhang and Yossi Adi and Youngjin Nam and Yu and Wang and Yuchen Hao and Yundi Qian and Yuzi He and Zach Rait and Zachary DeVito and Zef Rosnbrick and Zhaoduo Wen and Zhenyu Yang and Zhiwei Zhao},
      year={2024},
      eprint={2407.21783},
      archivePrefix={arXiv},
      primaryClass={cs.AI},
      url={https://arxiv.org/abs/2407.21783}, 
}

@article{Peng2021MathBERTAP,
  title={MathBERT: A Pre-Trained Model for Mathematical Formula Understanding},
  author={Shuai Peng and Ke Yuan and Liangcai Gao and Zhi Tang},
  journal={ArXiv},
  year={2021},
  volume={abs/2105.00377},
  url={https://api.semanticscholar.org/CorpusID:233481495}
}

@article{Chen2023TheoremQAAT,
  title={TheoremQA: A Theorem-driven Question Answering dataset},
  author={Wenhu Chen and Ming Yin and Max W.F. Ku and Yixin Wan and Xueguang Ma and Jianyu Xu and Tony Xia and Xinyi Wang and Pan Lu},
  journal={ArXiv},
  year={2023},
  volume={abs/2305.12524},
  url={https://api.semanticscholar.org/CorpusID:258833200}
}

@article{hendrycksmath2021,
  title={Measuring Mathematical Problem Solving With the MATH Dataset},
  author={Dan Hendrycks and Collin Burns and Saurav Kadavath and Akul Arora and Steven Basart and Eric Tang and Dawn Song and Jacob Steinhardt},
  journal={NeurIPS},
  year={2021}
}
@article{Liang2023LetGB,
  title={Let GPT be a Math Tutor: Teaching Math Word Problem Solvers with Customized Exercise Generation},
  author={Zhenwen Liang and W. Yu and Tanmay Rajpurohit and Peter Clark and Xiangliang Zhang and Ashwin Kaylan},
  journal={ArXiv},
  year={2023},
  volume={abs/2305.14386},
  url={https://api.semanticscholar.org/CorpusID:258865450}
}
@article{Yue2023MAmmoTHBM,
  title={MAmmoTH: Building Math Generalist Models through Hybrid Instruction Tuning},
  author={Xiang Yue and Xingwei Qu and Ge Zhang and Yao Fu and Wenhao Huang and Huan Sun and Yu Su and Wenhu Chen},
  journal={ArXiv},
  year={2023},
  volume={abs/2309.05653},
  url={https://api.semanticscholar.org/CorpusID:261696697}
}

@misc{luo2023wizardmathempoweringmathematicalreasoning,
      title={WizardMath: Empowering Mathematical Reasoning for Large Language Models via Reinforced Evol-Instruct}, 
      author={Haipeng Luo and Qingfeng Sun and Can Xu and Pu Zhao and Jianguang Lou and Chongyang Tao and Xiubo Geng and Qingwei Lin and Shifeng Chen and Dongmei Zhang},
      year={2023},
      eprint={2308.09583},
      archivePrefix={arXiv},
      primaryClass={cs.CL},
      url={https://arxiv.org/abs/2308.09583}, 
}

@article{Cobbe2021TrainingVT,
  title={Training Verifiers to Solve Math Word Problems},
  author={Karl Cobbe and Vineet Kosaraju and Mohammad Bavarian and Mark Chen and Heewoo Jun and Lukasz Kaiser and Matthias Plappert and Jerry Tworek and Jacob Hilton and Reiichiro Nakano and Christopher Hesse and John Schulman},
  journal={ArXiv},
  year={2021},
  volume={abs/2110.14168},
  url={https://api.semanticscholar.org/CorpusID:239998651}
}
@inproceedings{Ling2017ProgramIB,
  title={Program Induction by Rationale Generation: Learning to Solve and Explain Algebraic Word Problems},
  author={Wang Ling and Dani Yogatama and Chris Dyer and Phil Blunsom},
  booktitle={Annual Meeting of the Association for Computational Linguistics},
  year={2017},
  url={https://api.semanticscholar.org/CorpusID:12777818}
}

@article{hendryckstest2021,
  title={Measuring Massive Multitask Language Understanding},
  author={Dan Hendrycks and Collin Burns and Steven Basart and Andy Zou and Mantas Mazeika and Dawn Song and Jacob Steinhardt},
  journal={Proceedings of the International Conference on Learning Representations (ICLR)},
  year={2021}
}

@article{hendrycks2021ethics,
  title={Aligning AI With Shared Human Values},
  author={Dan Hendrycks and Collin Burns and Steven Basart and Andrew Critch and Jerry Li and Dawn Song and Jacob Steinhardt},
  journal={Proceedings of the International Conference on Learning Representations (ICLR)},
  year={2021}
}
@inproceedings{Zanibbi2016NTCIR12MT,
  title={NTCIR-12 MathIR Task Overview},
  author={Richard Zanibbi and Akiko Aizawa and Michael Kohlhase and Iadh Ounis and Goran Topic and Kenny Davila},
  booktitle={NTCIR Conference on Evaluation of Information Access Technologies},
  year={2016},
  url={https://api.semanticscholar.org/CorpusID:9102694}
}
@article{Kwon2023EfficientMM,
  title={Efficient Memory Management for Large Language Model Serving with PagedAttention},
  author={Woosuk Kwon and Zhuohan Li and Siyuan Zhuang and Ying Sheng and Lianmin Zheng and Cody Hao Yu and Joseph E. Gonzalez and Haotong Zhang and Ion Stoica},
  journal={Proceedings of the 29th Symposium on Operating Systems Principles},
  year={2023},
  url={https://api.semanticscholar.org/CorpusID:261697361}
}
@article{Dao2022FlashAttentionFA,
  title={FlashAttention: Fast and Memory-Efficient Exact Attention with IO-Awareness},
  author={Tri Dao and Daniel Y. Fu and Stefano Ermon and Atri Rudra and Christopher R'e},
  journal={ArXiv},
  year={2022},
  volume={abs/2205.14135},
  url={https://api.semanticscholar.org/CorpusID:249151871}
}

@article{Dettmers2023QLoRAEF,
  title={QLoRA: Efficient Finetuning of Quantized LLMs},
  author={Tim Dettmers and Artidoro Pagnoni and Ari Holtzman and Luke Zettlemoyer},
  journal={ArXiv},
  year={2023},
  volume={abs/2305.14314},
  url={https://api.semanticscholar.org/CorpusID:258841328}
}
@misc{xia2024understandingperformanceestimatingcost,
      title={Understanding the Performance and Estimating the Cost of LLM Fine-Tuning}, 
      author={Yuchen Xia and Jiho Kim and Yuhan Chen and Haojie Ye and Souvik Kundu and Cong Hao and Nishil Talati},
      year={2024},
      eprint={2408.04693},
      archivePrefix={arXiv},
      primaryClass={cs.CL},
      url={https://arxiv.org/abs/2408.04693}, 
}

@article{radford2019language,
  title={Language models are unsupervised multitask learners},
  author={Radford, Alec and Wu, Jeffrey and Child, Rewon and Luan, David and Amodei, Dario and Sutskever, Ilya and others},
  journal={OpenAI blog},
  volume={1},
  number={8},
  pages={9},
  year={2019}
}

@misc{lambda_demystifying_gpt3,
    title = {Demystifying GPT-3},
    url = {https://lambdalabs.com/blog/demystifying-gpt-3},
    journal = {Lambda Blog},
    publisher = {Lambda Labs},
    author = {{Lambda Labs}},
    year = {2020}, 
    month = {Jun}
}

@article{cobbe2021gsm8k,
  title={Training Verifiers to Solve Math Word Problems},
  author={Cobbe, Karl and Kosaraju, Vineet and Bavarian, Mohammad and Chen, Mark and Jun, Heewoo and Kaiser, Lukasz and Plappert, Matthias and Tworek, Jerry and Hilton, Jacob and Nakano, Reiichiro and Hesse, Christopher and Schulman, John},
  journal={arXiv preprint arXiv:2110.14168},
  year={2021}
}
@misc{MetaLLaMA31,
  title = {{Meta LLaMA 3.1}: Open Foundation Models for Research and Commercial Use},
  author = {{Meta AI}},
  howpublished = {\url{https://ai.meta.com/blog/meta-llama-3-1/}},
  year = {2023},
  month = {August},
  note = {Accessed: 2024-09-03}
}
@misc{OpenAIGPT35TurboFineTuning,
  title = {{GPT-3.5 Turbo fine-tuning and API updates}},
  author = {{OpenAI}},
  howpublished = {\url{https://openai.com/blog/gpt-3-5-turbo-fine-tuning-and-api-updates/}},
  year = {2023}, 
  month = {August}, 
  note = {Accessed: 2024-09-03} 
}
@misc{zhang2024tinyllamaopensourcesmalllanguage,
      title={TinyLlama: An Open-Source Small Language Model}, 
      author={Peiyuan Zhang and Guangtao Zeng and Tianduo Wang and Wei Lu},
      year={2024},
      eprint={2401.02385},
      archivePrefix={arXiv},
      primaryClass={cs.CL},
      url={https://arxiv.org/abs/2401.02385}, 
}
@misc{openai_gpt4omini_2024,
  author = {OpenAI},
  title = {GPT-4o Mini: Advancing Cost-Efficient Intelligence},
  year = {2024},
  howpublished = {\url{https://openai.com/index/gpt-4o-mini-advancing-cost-efficient-intelligence/}},
  note = {Accessed: September 4, 2024}
}
@misc{wei2023chainofthoughtpromptingelicitsreasoning,
      title={Chain-of-Thought Prompting Elicits Reasoning in Large Language Models}, 
      author={Jason Wei and Xuezhi Wang and Dale Schuurmans and Maarten Bosma and Brian Ichter and Fei Xia and Ed Chi and Quoc Le and Denny Zhou},
      year={2023},
      eprint={2201.11903},
      archivePrefix={arXiv},
      primaryClass={cs.CL},
      url={https://arxiv.org/abs/2201.11903}, 
}
@misc{selfinstruct,
  title={Self-Instruct: Aligning Language Model with Self Generated Instructions},
  author={Wang, Yizhong and Kordi, Yeganeh and Mishra, Swaroop and Liu, Alisa and Smith, Noah A. and Khashabi, Daniel and Hajishirzi, Hannaneh},
  journal={arXiv preprint arXiv:2212.10560},
  year={2022}
}
@misc{ding2024dataaugmentationusinglarge,
      title={Data Augmentation using Large Language Models: Data Perspectives, Learning Paradigms and Challenges}, 
      author={Bosheng Ding and Chengwei Qin and Ruochen Zhao and Tianze Luo and Xinze Li and Guizhen Chen and Wenhan Xia and Junjie Hu and Anh Tuan Luu and Shafiq Joty},
      year={2024},
      eprint={2403.02990},
      archivePrefix={arXiv},
      primaryClass={cs.CL},
      url={https://arxiv.org/abs/2403.02990}, 
}
@misc{openai_hello_gpt4o,
  title        = {Hello GPT-4o},
  author       = {OpenAI},
  year         = 2023,  
  month        = {Sep}, 
  howpublished = {\url{https://openai.com/index/hello-gpt-4o/}},
  note         = {Accessed September 9, 2024}
}

@article{openai2024o1mini,
title={OpenAI o1-mini: Advancing Cost-Efficient Reasoning},
author={OpenAI},
year={2024},
url={https://openai.com/index/openai-o1-mini-advancing-cost-efficient-reasoning/}
}

@misc{jiang2023mistral7b,
      title={Mistral 7B}, 
      author={Albert Q. Jiang and Alexandre Sablayrolles and Arthur Mensch and Chris Bamford and Devendra Singh Chaplot and Diego de las Casas and Florian Bressand and Gianna Lengyel and Guillaume Lample and Lucile Saulnier and Lélio Renard Lavaud and Marie-Anne Lachaux and Pierre Stock and Teven Le Scao and Thibaut Lavril and Thomas Wang and Timothée Lacroix and William El Sayed},
      year={2023},
      eprint={2310.06825},
      archivePrefix={arXiv},
      primaryClass={cs.CL},
      url={https://arxiv.org/abs/2310.06825}, 
}
@misc{ainslie2023gqatraininggeneralizedmultiquery,
      title={GQA: Training Generalized Multi-Query Transformer Models from Multi-Head Checkpoints}, 
      author={Joshua Ainslie and James Lee-Thorp and Michiel de Jong and Yury Zemlyanskiy and Federico Lebrón and Sumit Sanghai},
      year={2023},
      eprint={2305.13245},
      archivePrefix={arXiv},
      primaryClass={cs.CL},
      url={https://arxiv.org/abs/2305.13245}, 
}
@misc{hassani2023neighborhoodattentiontransformer,
      title={Neighborhood Attention Transformer}, 
      author={Ali Hassani and Steven Walton and Jiachen Li and Shen Li and Humphrey Shi},
      year={2023},
      eprint={2204.07143},
      archivePrefix={arXiv},
      primaryClass={cs.CV},
      url={https://arxiv.org/abs/2204.07143}, 
}

@article{Berglund_2023,
   title={Formalizing BPE Tokenization},
   volume={388},
   ISSN={2075-2180},
   url={http://dx.doi.org/10.4204/EPTCS.388.4},
   DOI={10.4204/eptcs.388.4},
   journal={Electronic Proceedings in Theoretical Computer Science},
   publisher={Open Publishing Association},
   author={Berglund, Martin and van der Merwe, Brink},
   year={2023},
   month=sep, pages={16–27} }
@misc{shazeer2019fasttransformerdecodingwritehead,
      title={Fast Transformer Decoding: One Write-Head is All You Need}, 
      author={Noam Shazeer},
      year={2019},
      eprint={1911.02150},
      archivePrefix={arXiv},
      primaryClass={cs.NE},
      url={https://arxiv.org/abs/1911.02150}, 
}

@misc{press2022trainshorttestlong,
      title={Train Short, Test Long: Attention with Linear Biases Enables Input Length Extrapolation}, 
      author={Ofir Press and Noah A. Smith and Mike Lewis},
      year={2022},
      eprint={2108.12409},
      archivePrefix={arXiv},
      primaryClass={cs.CL},
      url={https://arxiv.org/abs/2108.12409}, 
}

@misc{bigscience2023bloom7b1,
  author       = {BigScience},
  title        = {BLOOM-7B1: BigScience Large Open-science Open-access Multilingual Language Model},
  year         = {2023},
  howpublished = {\url{https://huggingface.co/bigscience/bloom-7b1}},
  note         = {Accessed: 2024-11-17}
}
@misc{shoeybi2020megatronlmtrainingmultibillionparameter,
      title={Megatron-LM: Training Multi-Billion Parameter Language Models Using Model Parallelism}, 
      author={Mohammad Shoeybi and Mostofa Patwary and Raul Puri and Patrick LeGresley and Jared Casper and Bryan Catanzaro},
      year={2020},
      eprint={1909.08053},
      archivePrefix={arXiv},
      primaryClass={cs.CL},
      url={https://arxiv.org/abs/1909.08053}, 
}
@misc{dettmers20228bitoptimizersblockwisequantization,
      title={8-bit Optimizers via Block-wise Quantization}, 
      author={Tim Dettmers and Mike Lewis and Sam Shleifer and Luke Zettlemoyer},
      year={2022},
      eprint={2110.02861},
      archivePrefix={arXiv},
      primaryClass={cs.LG},
      url={https://arxiv.org/abs/2110.02861}, 
}
@misc{xformers,
  title = {xFormers: A Modular and Fast Transformer Library},
  author = {Meta AI Research},
  year = {2023},
  howpublished = {\url{https://facebookresearch.github.io/xformers/}},
  note = {Accessed: 2024-11-17}
}
@misc{Likhi2003_linearalgebra_QA,
  author       = {Likhi2003},
  title        = {Linear Algebra QA Dataset},
  year         = {2024},
  publisher    = {Hugging Face},
  howpublished = {\url{https://huggingface.co/datasets/Likhi2003/linearalgebra_QA}},
  note         = {Accessed: 2024-11-24}
}